@article{chahineRobustFlightNavigation2023,
  title = {Robust Flight Navigation Out of Distribution with Liquid Neural Networks},
  author = {Chahine, Makram and Hasani, Ramin and Kao, Patrick and Ray, Aaron and Shubert, Ryan and Lechner, Mathias and Amini, Alexander and Rus, Daniela},
  journal = {Science Robotics},
  volume = {8},
  number = {77},
  pages = {eadc8892},
  year = {2023},
  month = apr,
  publisher = {American Association for the Advancement of Science},
  doi = {10.1126/scirobotics.adc8892},
  url = {https://www.science.org/doi/10.1126/scirobotics.adc8892}
}

@article{gruenbacherGoTubeScalableStatistical2022,
  title = {GoTube: Scalable Statistical Verification of Continuous-Depth Models},
  author = {Gruenbacher, Sophie A. and Lechner, Mathias and Hasani, Ramin and Rus, Daniela and Henzinger, Thomas A. and Smolka, Scott A. and Grosu, Radu},
  journal = {Proceedings of the AAAI Conference on Artificial Intelligence},
  volume = {36},
  number = {6},
  pages = {6755--6764},
  year = {2022},
  month = jun,
  doi = {10.1609/aaai.v36i6.20631},
  url = {https://ojs.aaai.org/index.php/AAAI/article/view/20631}
}

@article{grunbacherVerificationNeuralODEs2021,
  title = {On the Verification of Neural ODEs with Stochastic Guarantees},
  author = {Grunbacher, Sophie and Hasani, Ramin and Lechner, Mathias and Cyranka, Jacek and Smolka, Scott A. and Grosu, Radu},
  journal = {Proceedings of the AAAI Conference on Artificial Intelligence},
  volume = {35},
  number = {13},
  pages = {11525--11535},
  year = {2021},
  month = may,
  doi = {10.1609/aaai.v35i13.17372},
  url = {https://ojs.aaai.org/index.php/AAAI/article/view/17372}
}

@article{hasaniLiquidTimeconstantNetworks2021,
  title = {Liquid Time-Constant Networks},
  author = {Hasani, Ramin and Lechner, Mathias and Amini, Alexander and Rus, Daniela and Grosu, Radu},
  journal = {Proceedings of the AAAI Conference on Artificial Intelligence},
  volume = {35},
  number = {9},
  pages = {7657--7666},
  year = {2021},
  month = may,
  doi = {10.1609/aaai.v35i9.16936},
  url = {https://ojs.aaai.org/index.php/AAAI/article/view/16936}
}

@inproceedings{henriksenEfficientNeuralNetwork,
  title = {Efficient Neural Network Verification via Adaptive Refinement and Adversarial Search},
  author = {Henriksen, Patrick and Lomuscio, Alessio},
  booktitle = {Proceedings of the 24th International Conference on Tools and Algorithms for the Construction and Analysis of Systems (TACAS)},
  year = {2024},
  publisher = {Springer},
  note = {To appear}
}

@misc{hessionLiquidNeuralNets2024,
  title = {Liquid Neural Nets (LNNs)},
  author = {Hession, Jake},
  year = {2024},
  month = may,
  howpublished = {\url{https://medium.com/@hessionj/liquid-neural-nets-lnns-32ce1bfb045a}},
  note = {Medium article accessed 2025-01-20}
}

@inproceedings{koPOPQORNQuantifyingRobustness2019,
  title = {POPQORN: Quantifying Robustness of Recurrent Neural Networks},
  author = {Ko, Ching-Yun and Lyu, Zhaoyang and Weng, Lily and Daniel, Luca and Wong, Ngai and Lin, Dahua},
  booktitle = {Proceedings of the 36th International Conference on Machine Learning (ICML)},
  pages = {3468--3477},
  year = {2019},
  publisher = {PMLR}
}

@article{neherTaylorModelBased2007,
  title = {On Taylor Model Based Integration of ODEs},
  author = {Neher, M. and Jackson, K. R. and Nedialkov, N. S.},
  journal = {SIAM Journal on Numerical Analysis},
  volume = {45},
  number = {1},
  pages = {236--262},
  year = {2007},
  publisher = {Society for Industrial and Applied Mathematics},
  doi = {10.1137/050638448}
}

@article{regoLyapunovbasedContinuoustimeNonlinear2022,
  title = {Lyapunov-Based Continuous-Time Nonlinear Control Using Deep Neural Network Applied to Underactuated Systems},
  author = {Rego, Rosana C. B. and de Ara{\'u}jo, F{\'a}bio M. U.},
  journal = {Engineering Applications of Artificial Intelligence},
  volume = {107},
  pages = {104519},
  year = {2022},
  doi = {10.1016/j.engappai.2021.104519},
  publisher = {Elsevier}
}

@misc{tedxtalksLiquidNeuralNetworks2023,
  title = {Liquid Neural Networks | Ramin Hasani | TEDxMIT},
  author = {{TEDx Talks}},
  year = {2023},
  month = jan,
  howpublished = {\url{https://www.ted.com/talks/ramin_hasani_liquid_neural_networks}},
  note = {Accessed 2025-01-20}
}

@article{tranVerificationPiecewiseDeep2021,
  title = {Verification of Piecewise Deep Neural Networks: A Star Set Approach with Zonotope Pre-Filter},
  author = {Tran, Hoang-Dung and Pal, Neelanjana and Lopez, Diego Manzanas and Musau, Patrick and Yang, Xiaodong and Nguyen, Luan Viet and Xiang, Weiming and Bak, Stanley and Johnson, Taylor T.},
  journal = {Formal Aspects of Computing},
  volume = {33},
  number = {4--5},
  pages = {519--545},
  year = {2021},
  doi = {10.1007/s00165-021-00553-4},
  publisher = {Springer}
}

@inproceedings{tranVerificationRecurrentNeural2023,
  title = {Verification of Recurrent Neural Networks with Star Reachability},
  author = {Tran, Hoang Dung and Choi, Sung Woo and Yang, Xiaodong and Yamaguchi, Tomoya and Hoxha, Bardh and Prokhorov, Danil},
  booktitle = {Proceedings of the 26th ACM International Conference on Hybrid Systems: Computation and Control (HSCC)},
  pages = {1--13},
  year = {2023},
  publisher = {ACM},
  address = {San Antonio, TX, USA},
  doi = {10.1145/3575870.3587128}
}

@misc{WhatRecurrentNeural2021,
  title = {What Is a Recurrent Neural Network (RNN)? | IBM},
  year = {2021},
  month = oct,
  howpublished = {\url{https://www.ibm.com/think/topics/recurrent-neural-networks}},
  note = {Accessed 2025-01-21}
}

@incollection{xueRNNBasedFrameworkMILP2023,
  title = {An RNN-Based Framework for the MILP Problem in Robustness Verification of Neural Networks},
  author = {Xue, Hao and Zeng, Xia and Lin, Wang and Yang, Zhengfeng and Peng, Chao and Zeng, Zhenbing},
  booktitle = {Computer Vision -- ACCV 2022},
  editor = {Wang, Lei and Gall, Juergen and Chin, Tat-Jun and Sato, Imari and Chellappa, Rama},
  publisher = {Springer Nature Switzerland},
  volume = {13841},
  pages = {571--586},
  year = {2023},
  doi = {10.1007/978-3-031-26319-4_34}
}

@misc{zeqiriEfficientCertifiedTraining2023,
  title = {Efficient Certified Training and Robustness Verification of Neural ODEs},
  author = {Zeqiri, Mustafa and M{\"u}ller, Mark Niklas and Fischer, Marc and Vechev, Martin},
  year = {2023},
  month = mar,
  archiveprefix = {arXiv},
  eprint = {2303.05246},
  doi = {10.48550/arXiv.2303.05246},
  url = {https://arxiv.org/abs/2303.05246}
}

@inproceedings{madry2018towards,
  title = {Towards Deep Learning Models Resistant to Adversarial Attacks},
  author = {Madry, Aleksander and Makelov, Aleksandar and Schmidt, Ludwig and Tsipras, Dimitris and Vladu, Adrian},
  booktitle = {International Conference on Learning Representations (ICLR)},
  year = {2018},
  url = {https://openreview.net/forum?id=rJzIBfZAb}
}

@article{goodfellow2015explaining,
  title = {Explaining and Harnessing Adversarial Examples},
  author = {Goodfellow, Ian J. and Shlens, Jonathon and Szegedy, Christian},
  journal = {arXiv preprint},
  volume = {arXiv:1412.6572},
  year = {2015},
  archiveprefix = {arXiv},
  eprint = {1412.6572},
  url = {https://arxiv.org/abs/1412.6572}
}

@article{hasani2021liquid,
  title = {Liquid Time-Constant Networks},
  author = {Hasani, Ramin and Lechner, Mathias and Amini, Alexander and Rus, Daniela and Grosu, Radu},
  journal = {Proceedings of the AAAI Conference on Artificial Intelligence},
  volume = {35},
  number = {9},
  pages = {7657--7666},
  year = {2021},
  doi = {10.1609/aaai.v35i9.16936},
  url = {https://ojs.aaai.org/index.php/AAAI/article/view/16936}
}

@article{hochreiter1997long,
  title = {Long Short-Term Memory},
  author = {Hochreiter, Sepp and Schmidhuber, J{\"u}rgen},
  journal = {Neural Computation},
  volume = {9},
  number = {8},
  pages = {1735--1780},
  year = {1997},
  publisher = {MIT Press},
  doi = {10.1162/neco.1997.9.8.1735}
}

@inproceedings{bai2018empirical,
  title = {An Empirical Evaluation of Generic Convolutional and Recurrent Networks for Sequence Modeling},
  author = {Bai, Shaojie and Kolter, J. Zico and Koltun, Vladlen},
  booktitle = {International Conference on Machine Learning (ICML)},
  pages = {576--585},
  year = {2018},
  publisher = {PMLR},
  url = {https://proceedings.mlr.press/v80/bai18a.html}
}

@inproceedings{wang2021improving,
  title = {Improving Robustness of Neural ODEs with Stochastic Adversarial Training},
  author = {Wang, Shuo and Bao, Fan and Li, Zhihui and Zhang, Junchi},
  booktitle = {Advances in Neural Information Processing Systems (NeurIPS)},
  volume = {34},
  pages = {14476--14487},
  year = {2021},
  url = {https://proceedings.neurips.cc/paper_files/paper/2021/hash/43b6c9d4fd79b54e7bca88c0acdb234e-Abstract.html}
}

@inproceedings{gehr2018ai2,
  title = {AI2: Safety and Robustness Certification of Neural Networks with Abstract Interpretation},
  author = {Gehr, Timon and Mirman, Matthew and Drachsler-Cohen, Dana and Tsankov, Petar and Chaudhuri, Swarat and Vechev, Martin},
  booktitle = {IEEE Symposium on Security and Privacy (SP)},
  pages = {3--18},
  year = {2018},
  publisher = {IEEE},
  doi = {10.1109/SP.2018.00058}
}

@inproceedings{henriksen2023auto,
  title = {Auto-LiRPA: An Automatic Framework for Certified Robustness Evaluation},
  author = {Henriksen, Patrick and Wu, Xiaoyu and Wang, Shiqi and Jin, Hongge and Zhang, Haotian and Huan, Xueqi and Lomuscio, Alessio and Wang, Xiao},
  booktitle = {International Conference on Machine Learning (ICML)},
  year = {2023},
  publisher = {PMLR},
  url = {https://openreview.net/forum?id=7MQD5XAK7UX}
}

@article{carlini2017towards,
  title = {Towards Evaluating the Robustness of Neural Networks},
  author = {Carlini, Nicholas and Wagner, David},
  journal = {IEEE Symposium on Security and Privacy (SP)},
  pages = {39--57},
  year = {2017},
  doi = {10.1109/SP.2017.49},
  publisher = {IEEE}
}